<?xml version="1.0" encoding="UTF-8"?><collection xmlns="http://www.loc.gov/MARC21/slim"><record><leader>00671nam--2200217-i-4500</leader><controlfield tag="001">000009461</controlfield><controlfield tag="002">20161230</controlfield><controlfield tag="005">20170306185352</controlfield><controlfield tag="008">060222s1000------------r-----000-0-eng-d</controlfield><datafield ind1=" " ind2=" " tag="020"><subfield code="a">85312003X</subfield></datafield><datafield ind1=" " ind2=" " tag="040"><subfield code="a">IFIN-HH</subfield></datafield><datafield ind1=" " ind2=" " tag="080"><subfield code="a">532.783:678.5:54-162</subfield></datafield><datafield ind1="1" ind2=" " tag="100"><subfield code="a">Gray, G. W</subfield></datafield><datafield ind1="1" ind2="0" tag="245"><subfield code="a">Liquis crystals and plastic crystals</subfield><subfield code="b">Physico-chemical properties and methods of investigation</subfield><subfield code="c">G.W. Gray, P.A. Winsor (eds.)</subfield></datafield><datafield ind1=" " ind2=" " tag="260"><subfield code="a">Chichester</subfield><subfield code="b">Ellis Horwood Limited</subfield><subfield code="c">1974</subfield></datafield><datafield ind1=" " ind2=" " tag="300"><subfield code="a">2 volume</subfield></datafield><datafield ind1=" " ind2=" " tag="490"><subfield code="a">Ellis Horwood Series In Physical Chemistry</subfield></datafield><datafield ind1=" " ind2=" " tag="700"><subfield code="a">Winsor, P. A</subfield></datafield><datafield ind1="1" ind2=" " tag="787"><subfield code="a">Volume 2</subfield><subfield code="h">314 p</subfield></datafield><datafield ind1=" " ind2=" " tag="852"><subfield code="a">41954</subfield><subfield code="c">548</subfield></datafield><datafield ind1=" " ind2=" " tag="CAT"><subfield code="a">SYS</subfield><subfield code="c">20170306</subfield><subfield code="h">185352</subfield></datafield></record></collection>